@misc{openai_chatgpt,
	author = {OpenAI},
	title = {ChatGPT},
	howpublished = {\url{https://chat.openai.com}},
	year = {2023},
	note = {Accessed 09-08-2023},
}

@misc{apache_spark,
	author = {Apache},
	title = {Apache Spark - Unified Engine for large-scale data analytics},
	howpublished = {\url{https://spark.apache.org}},
	year = {2023},
	note = {Accessed 09-08-2023},
}

@misc{wikipedia_spark,
	author = {Wikipedia},
	title = {Apache Spark - Wikipedia},
	howpublished = {\url{https://en.wikipedia.org/wiki/Apache_Spark}},
	year = {2023},
	note = {Accessed 09-08-2023},
}

@misc{repo_tracker,
	author = {RepoTracker},
	title = {RepoTracker Apache Spark},
	howpublished = {\url{https://repo-tracker.com}},
	year = {},
	note = {Accessed 09-08-2023},
}